@Book{Cag,
Author    = "L. Cagniard",
Title     = "{Reflection and refraction of progressive seismic waves}", 
 Publisher= "McGraw-Hill",
Year      = "1962"}
 @Article{DH,
  author = 	 { A. T. de Hoop },
  title = 	 {The surface line source problem},
  journal = 	 {Appl. Sci. Res. B},
  year = 	 {1959},
  volume = 	 {8},
  pages = 	 {349-356}
}

@InBook{PG,
  author = 	 {Y. Pao and R. Gajewski},
  editor = 	 {W. P. Mason and R. N. Thurston},
  title = 	 {The generalized ray theory and transient response of layered
elastic solids},
  chapter = 	 {6},
  year = 	 {1977},
  volume = 	 {13},
  series = 	 {Physical Acoustics},
  pages = 	 {183--265},
}

@Book{VDH,
  author = 	 "van der Hijden, J. H. M. T.  ",
  title = 	 "{Propagation of transient elastic waves in stratified anisotropic media}",
  publisher = "Elsevier Science Publishers",
  year = 	 1987,
  volume =	 32,
  series = 	 "North Holland Series in Applied Mathematics and Mechanics",
  address = 	 "" }
@PhdThesis{JD,
  author = 	 {J. Diaz},
  title = 	 {Approches analytiques et
            numériques  de problèmes de transmission
             en propagation d'ondes en régime transitoire.
  Application au couplage
            fluide-structure
 et aux méthodes de couches parfaitement adaptées.},
  school = 	 {Université Paris VI-Pierre et Marie Curie},
  year = 	 {2005},
note = {in french}
}

@PhdThesis{QG,
  author = 	 {Q. Grimal},
  title = 	 {Etude dans le domaine temporel de la propagation d'ondes elastiques en milieux stratifiés ;
modélisation de la reponse du  thorax a un impact.},
  school = 	 {Université Paris 12-Val de Marne},
  year = 	 {2003},
note = {in french}
}
@PhdThesis{ezziani_th,
  author = 	 {A.~Ezziani},
  title = 	 {Modélisation mathématique et numérique de la propagation 
d'ondes dans les milieux viscoélastiques et poroélastiques},
  school = 	 {Université Paris 9},
  year = 	 {2005},
  OPTkey = 	 {},
  OPTtype = 	 {},
  OPTaddress = 	 {},
  OPTmonth = 	 {},
  OPTnote = 	 {},
  OPTannote = 	 {}
}

@TechReport{RAP3,
  author = 	 {Diaz, J. and Ezziani, A.},
  title = 	 {Analytical Solution for Wave Propagation in Stratified Poroelastic Medium. Part~\rm{I}: the 2\rm{D} Case},
  institution =  {INRIA},
  year = 	 {2008},
  OPTkey = 	 {},
  OPTtype = 	 {},
  number = 	 {6591},
  OPTaddress = 	 {},
  OPTmonth = 	 {},
  OPTnote = 	 {},
  OPTannote = 	 {}
}
@TechReport{RAP4,
  author = 	 {Diaz, J. and Ezziani, A.},
  title = 	 {Analytical Solution for Wave Propagation in Stratified Poroelastic Medium. Part~\rm{II}: the 3\rm{D} Case},
  institution =  {INRIA},
  year = 	 2008,
  number = 	 {}
}

@article{RAP2,
  TITLE = {Analytical solution for waves propagation in heterogeneous acoustic/porous media. Part II: the 3D case},
  X-INTERNATIONAL-AUDIENCE = {yes},
  AUTHOR = {Diaz, Julien AND  Ezziani, Abdelaâziz},
  PUBLISHER = {Global Science Press },
  PAGES = {445-472 },
  JOURNAL = {Communications in Computational Physics },
  VOLUME = {7 },
  NUMBER = {3 },
  YEAR = {2010},
  URL = {http://hal.inria.fr/inria-00404228/en/},
  X-EDITORIAL-BOARD = {yes},
}

%% inria-00404224, version 1
%% http://hal.inria.fr/inria-00404224/en/
%%

@article{RAP_DE6509,
  TITLE = {Analytical solution for waves propagation in heterogeneous acoustic/porous media. Part I: the 2D case},
  X-INTERNATIONAL-AUDIENCE = {yes},
  AUTHOR = {Diaz, Julien AND  Ezziani, Abdelaâziz},
  PUBLISHER = {Global Science Press },
  PAGES = {171-194 },
  JOURNAL = {Communications in Computational Physics },
  VOLUME = {7 },
  NUMBER = {1 },
  YEAR = {2010},
  URL = {http://hal.inria.fr/inria-00404224/en/},
  X-EDITORIAL-BOARD = {yes},
}


